<collection xmlns="http://www.loc.gov/MARC21/slim">
<record>
  <leader>01163nam0a22002891i 450 </leader>
  <controlfield tag="001">IT\ICCU\CNCE\060039</controlfield>
  <controlfield tag="005">20060413000000.0</controlfield>
  <datafield tag="100" ind1=" " ind2=" ">
    <subfield code="a">20050103d1588        0itac0103    ba</subfield>
  </datafield>
  <datafield tag="101" ind1=" " ind2=" ">
    <subfield code="a">LAT</subfield>
  </datafield>
  <datafield tag="102" ind1=" " ind2=" ">
    <subfield code="a">IT</subfield>
  </datafield>
  <datafield tag="200" ind1="1" ind2=" ">
    <subfield code="a">℗Probae Falconiae Hortinae ℗Cento ex Virgilio ... r.p.f. Damiani Granae ... opera in luce editus</subfield>
  </datafield>
  <datafield tag="210" ind1=" " ind2=" ">
    <subfield code="a">Romae</subfield>
    <subfield code="c">ex typographia Sanctij et soc.</subfield>
    <subfield code="d">1588</subfield>
  </datafield>
  <datafield tag="215" ind1=" " ind2=" ">
    <subfield code="a">6 c., 2 p., 88 c</subfield>
  </datafield>
  <datafield tag="300" ind1=" " ind2=" ">
    <subfield code="a">E&apos; la seconda parte di CNC 31184</subfield>
  </datafield>
  <datafield tag="620" ind1=" " ind2=" ">
    <subfield code="a">IT</subfield>
    <subfield code="d">Roma</subfield>
  </datafield>
  <datafield tag="700" ind1=" " ind2="0">
    <subfield code="a">Proba</subfield>
    <subfield code="3">IT\ICCU\CNCA\001024</subfield>
  </datafield>
  <datafield tag="702" ind1=" " ind2="1">
    <subfield code="a">Grana,</subfield>
    <subfield code="b">Damiano</subfield>
    <subfield code="3">IT\ICCU\CNCA\003131</subfield>
  </datafield>
  <datafield tag="712" ind1="0" ind2="2">
    <subfield code="a">Santi &amp; C.</subfield>
    <subfield code="3">IT\ICCU\CNCT\002930</subfield>
    <subfield code="4">650</subfield>
  </datafield>
  <datafield tag="790" ind1=" " ind2="1">
    <subfield code="a">Proba,</subfield>
    <subfield code="b">Petronia</subfield>
    <subfield code="3">IT\ICCU\CNCA\010268</subfield>
    <subfield code="z">Proba</subfield>
  </datafield>
  <datafield tag="790" ind1=" " ind2="1">
    <subfield code="a">Faltonia,</subfield>
    <subfield code="b">Proba</subfield>
    <subfield code="3">IT\ICCU\CNCA\013991</subfield>
    <subfield code="z">Proba</subfield>
  </datafield>
  <datafield tag="790" ind1=" " ind2="1">
    <subfield code="a">Proba,</subfield>
    <subfield code="b">Faltonia Petita</subfield>
    <subfield code="3">IT\ICCU\CNCA\023284</subfield>
    <subfield code="z">Proba</subfield>
  </datafield>
  <datafield tag="790" ind1=" " ind2="1">
    <subfield code="a">Proba,</subfield>
    <subfield code="b">Faltonia Betitia</subfield>
    <subfield code="3">IT\ICCU\CNCA\023285</subfield>
    <subfield code="z">Proba</subfield>
  </datafield>
  <datafield tag="790" ind1=" " ind2="1">
    <subfield code="a">Proba,</subfield>
    <subfield code="b">Falconia</subfield>
    <subfield code="3">IT\ICCU\CNCA\023288</subfield>
    <subfield code="z">Proba</subfield>
  </datafield>
  <datafield tag="790" ind1=" " ind2="1">
    <subfield code="a">Grana,</subfield>
    <subfield code="b">Damianus</subfield>
    <subfield code="3">IT\ICCU\CNCA\014257</subfield>
    <subfield code="z">Grana, Damiano</subfield>
  </datafield>
  <datafield tag="790" ind1=" " ind2="1">
    <subfield code="a">Grani,</subfield>
    <subfield code="b">Damiano</subfield>
    <subfield code="3">IT\ICCU\CNCA\026085</subfield>
    <subfield code="z">Grana, Damiano</subfield>
  </datafield>
  <datafield tag="801" ind1=" " ind2="3">
    <subfield code="a">IT</subfield>
    <subfield code="b">ICCU</subfield>
    <subfield code="c">20201115</subfield>
  </datafield>
  <datafield tag="899" ind1=" " ind2=" ">
    <subfield code="a">Biblioteca comunale. Terni</subfield>
    <subfield code="1">TR0032</subfield>
    <subfield code="2">UM1 09</subfield>
  </datafield>
</record>
</collection>
